@misc{UniversidadeFederaldoPernambuco,
    title = {{Curso de Criptografia - International Data Encryption Algorithm}},
    booktitle = {Universidade Federal do Pernambuco},
    author = {{Universidade Federal do Pernambuco}},
    pages = {26},
    url = {https://www.ufpe.br/telematica/curso/downloads/idea.pdf}
}

@misc{Arantes2008,
    title = {{FPGA e Fluxo de Projeto}},
    year = {2008},
    booktitle = {Universidade de Campinas},
    author = {Arantes, Dalton and Cardoso, Fabbryccio},
    url = {http://www.decom.fee.unicamp.br/~cardoso/ie344b2008s2/Introducao_FPGA_Fluxo_de_Projeto.pdf}
}

@misc{Arriazu,
    title = {{Descripci{\'{o}}n del algoritmo DES ( Data Encryption Standard )}},
    year = {1999},
    author = {Arriazu, Jorge Sánchez},
    pages = {10},
    url = {http://www.tierradelazaro.com/public/libros/des.pdf}
}

@misc{Correa,
    title = {{Algoritmos Sim{\'{e}}tricos para Software Embarcado}},
    booktitle = {Universidade Federal do Rio de Janeiro},
    author = {Corr{\^{e}}a, André Sion Fernandes Muniz and Carmo, Luiz Fernando Rust da Costa},
    url = {http://equipe.nce.ufrj.br/rust/Mestrado 2009/SionSimetricAlg2009_SR.pdf}
}

@misc{CiscoSystems,
    title = {{AES and 3-DES Encryption Support for SNMP Version 3}},
    author = {{Cisco Systems}},
    url = {http://www.cisco.com/c/en/us/td/docs/ios/12_4t/12_4t2/snmpv3ae.pdf}
}

@misc{Castello,
    title = {{Assinatura digital}},
    year = {2010},
    author = {Legais, Aspectos},
    pages = {1--6},
    url = {http://www.gta.ufrj.br/grad/07_1/ass-dig/TiposdeCriptografia.html}
}

@book{Costa2011,
    title = {{Elementos de L{\'{o}}gica Program{\'{a}}vel com VHDL e DSP}},
    year = {2011},
    booktitle = {{\'{E}}rica, 1{\textordmasculine} ed, S{\~{a}}o Paulo},
    author = {Costa, Cesar and Mesquita, Leonardo and Pinheiro, Eduardo},
    publisher = {{\'{E}}rica},
    isbn = {9788536503127}
}

@article{NBSONIC,
    title = {{Security Office (2003)“Cartilha de Seguran{\c{c}}a para Internet”}},
    author = {NBSO–NIC, BR},
    url = {https://scholar.google.com.br/scholar?q=Cartilha+de+Seguranc%CC%A7a+para+Internet&btnG=&hl=pt-BR&as_sdt=0%2C5#0}
}

@book{Gilmore1998,
    title = {{Cracking {\{}DES{\}}: Secrets of Encryption Research, Wiretap Politics {\&} Chip Design}},
    year = {1998},
    author = {{Electronic Frontier Foundation}},
    edition = {1},
    pages = {272},
    publisher = {O'Reilly Media},
    url = {http://www.eff.org/descracker/;\nhttp://www.sunworld.com/swol-07-1998/swol-07-if.html?072098a#2},
    isbn = {1-56592-520-3}
}

@misc{Grabbe2006,
    title = {{The DES algorithm illustrated}},
    year = {1992},
    booktitle = {Laissez Faire City Times},
    author = {Grabbe, Jo},
    number = {28},
    pages = {1--15},
    volume = {2},
    url = {http://www.orlingrabbe.com/des.htm},
    isbn = {0000000000000}
}

@misc{Hinz,
    title = {{Um estudo descritivo de novos algoritmos de criptografia}},
    year = {2000},
    booktitle = {Universidade Federal de Pelotas},
    author = {Pelotas, Universidade Federal D E},
    url = {http://www2.ufpel.edu.br/prg/sisbi/bibct/acervo/info/2000/Mono-MarcoAntonio.pdf}
}

@misc{Saleae,
    title = {{Logic - User's Guide}},
    author = {{Saleae}},
    url = {https://www.sparkfun.com/datasheets/Tools/LogicUsersGuide.pdf}
}

@article{Knudsen1999,
    title = {{Contemporary Block Ciphers}},
    year = {1998},
    journal = {Lectures on data security: modern cryptology in theory and practise},
    author = {Knudsen, Lars R and Knudsen, Lars R},
    pages = {105--126},
    volume = {1561},
    url = {http://link.springer.de/link/service/series/0558/tocs/t1561.htm}
}

@article{Moore1975,
    title = {{Progress in digital integrated electronics}},
    year = {1975},
    journal = {1975 International Electron Devices Meeting},
    author = {Moore, G.E.},
    pages = {11--13},
    volume = {21},
    url = {http://ww.w.lithoguru.com/scientist/CHE323/Moore1975.pdf},
    isbn = {VO - 21},
    doi = {10.1109/N-SSC.2006.4804410},
    issn = {1098-4232}
}

@article{Moreira2008,
    title = {{Plataforma reconfigur{\'{a}}vel para ensino e pesquisa em laborat{\'{o}}rio de sistemas digitais a dist{\^{a}}ncia}},
    year = {2008},
    journal = {Anais do Simp{\'{o}}sio  {\ldots}},
    author = {Moreira, VR},
    number = {Sbie},
    pages = {542--551},
    url = {http://www.proativa.virtual.ufc.br/sbie/CD_ROM_COMPLETO/sbie_artigos_completo/Plataforma reconfigur%E1vel para ensino e pesquisa em.pdf},
    keywords = {distance learning, distributed experiments, fpga, remote laboratories}
}

@article{Moreira2013,
    title = {{Aprimorando o Ensino de Engenharia com Novas Abordagens Usando Recursos Computacionais}},
    year = {2013},
    journal = {Anais do VI Congresso Tecnol{\'{o}}gico InfoBrasil TI {\&} Telecom},
    author = {Moreira, V.R. and Cinto, T. and Leite, H.M.A. and Arantes, D.S.},
    pages = {1},
    url = {http://www.infobrasil.inf.br/userfiles/OK-Aprimorando-122321.pdf}
}

@article{Moreno2005,
    title = {{Criptografia em Software e Hardware}},
    year = {2005},
    journal = {S{\~{a}}o Paulo: Novatec},
    author = {Moreno, Edward David and Pereira, Fábio Dacêncio and Chiaramonte, Rodolfo Barros},
    number = {MARCH 2005},
    pages = {294},
    url = {https://scholar.google.com.br/scholar?q=Criptografia+em+Software+e+hardware&btnG=&hl=pt-BR&as_sdt=0%2C5#0},
    isbn = {855220691}
}

@article{Oliveira2002,
    title = {{Uma an{\'{a}}lise da seguran{\c{c}}a e da efici{\^{e}}ncia do algor{\'{i}}tmo de criptografia posicional}},
    year = {2002},
    journal = {Universidade Federal de Lavras},
    author = {Oliveira, Mário Luiz Rodrigues}
}

@book{Tocci2003,
    title = {{Sistemas digitais: princ{\'{i}}pios e aplica{\c{c}}ões}},
    year = {2003},
    author = {Tocci, Ronald and Widmer, Neal and Moss, Gregory},
    edition = {11},
    publisher = {Pearson}
}

@article{Robshaw1995,
    title = {{The Block Ciphers–RSA Laboratories Technical Report TR-601}},
    year = {1995},
    journal = {RSA Laboratories},
    author = {Robshaw, MJB},
    url = {https://scholar.google.com.br/scholar?hl=pt-BR&as_sdt=0,5&q=Block+ciphers.+RSA+Laboratories+Technical+Report#0}
}

@article{Rostirolla2014,
    title = {{An{\'{a}}lise de desempenho e consumo energ{\'{e}}tico de um cluster baseado em computadores de placa {\'{u}}nica}},
    year = {2014},
    author = {Rostirolla, G},
    url = {https://www.univates.br/bdu/handle/10737/579}
}

@article{Schutz1997,
    title = {{Reengenharia mental: reeduca{\c{c}}{\~{a}}o de h{\'{a}}bitos e programa{\c{c}}{\~{a}}o de metas}},
    year = {1997},
    author = {Schutz, E},
    url = {https://scholar.google.com.br/scholar?q=reengenharia+mental&btnG=&hl=pt-BR&as_sdt=0%2C5#0}
}

@article{Shannon1949,
    title = {{Communication theory of secrecy system}},
    year = {1949},
    journal = {Bell System Technical Journal},
    author = {Shannon, Claud},
    number = {4},
    pages = {656--715},
    volume = {28},
    url = {http://onlinelibrary.wiley.com/doi/10.1002/j.1538-7305.1949.tb00928.x/abstract},
    issn = {0724-6811},
    pmid = {9458664}
}

@book{Singh2004,
    title = {{O livro dos c{\'{o}}digos}},
    year = {2004},
    author = {Singh, Simon},
    publisher = {Record},
    url = {https://scholar.google.com.br/scholar?q=o+livro+dos+codigos&btnG=&hl=pt-BR&as_sdt=0%2C5#0}
}

@misc{NIST,
    title = {{National Institute of Standard and Technology}},
    year = {2008},
    author = {{NIST}},
    url = {http://www/.nist.gov/}
}

@misc{Saleaea,
    title = {{Logic}},
    author = {{Saleae}},
    url = {https://www.saleae.com/logic}
}

@book{Kahn1974,
    title = {{The Codebreakers}},
    year = {1973},
    author = {Khan, D},
    edition = {1},
    pages = {1200},
    publisher = {Scribner},
    url = {http://scholar.google.com/scholar?q=related:d64oeKyi7fwJ:scholar.google.com/&hl=en&num=30&as_sdt=0,5}
}

@book{Katz2014,
    title = {{Introduction to Modern Cryptography}},
    year = {2007},
    booktitle = {Ucsd Cse},
    author = {Katz, Jonathan and Lindell, Yehuda},
    edition = {2},
    pages = {1--498},
    publisher = {Chapman and Hall/CRC},
    url = {http://dl.acm.org/citation.cfm?id=1206501\nhttp://digidownload.libero.it/persiahp/crittografia/2005_Introduction_to_Modern_Cryptography.pdf},
    isbn = {9781584885511},
    doi = {10.1080/10658989509342477},
    issn = {1065-898X},
    pmid = {14824982}
}

@book{PEDRONI2010,
    title = {{Eletr{\^{o}}nica digital moderna e VHDL}},
    year = {2010},
    booktitle = {Rio de Janeiro, RJ: Elsevier},
    author = {PEDRONI, VA},
    edition = {1},
    pages = {1--9},
    publisher = {Campus},
    url = {https://scholar.google.com.br/scholar?q=Eletro?nica+Digital+Moderna+e+VHDL&btnG=&hl=pt-BR&as_sdt=0,5#0},
    isbn = {978-85-352-3465-7},
    doi = {9788535234657}
}

@article{Skliarova2003,
    title = {{Introdu{\c{c}}{\~{a}}o {\`{a}} computa{\c{c}}{\~{a}}o reconfigur{\'{a}}vel}},
    year = {2012},
    journal = {Electr{\'{o}}nica e Telecomunica{\c{c}}ões},
    author = {Skliarova, Iouliia and Ferrari, António B},
    number = {1},
    pages = {103--119},
    volume = {4},
    url = {http://revistas.ua.pt/index.php/revdeti/article/view/1647}
}

@book{Stallings2006,
    title = {{Cryptography And Network Security (Sie)}},
    year = {2011},
    author = {Forouzan, Behrouz A and Mukhopadhyay, Debdeep},
    pages = {731},
    publisher = {Prentice Hall}
}

@article{Standard1977,
    title = {{FIPS publication 46}},
    year = {1977},
    author = {Standard, DE},
    url = {https://scholar.google.com.br/scholar?q=FIPS+Publication+46-2%2C+Data+Encryption+Standard%2C+Federal+Information+Processing+Standards&btnG=&hl=pt-BR&as_sdt=0%2C5#0}
}

@book{Stinson2005,
    title = {{Cryptography: Theory and Practice}},
    year = {2005},
    author = {Stinson, Douglas R},
    edition = {3},
    pages = {616},
    publisher = {Chapman and Hall/CRC3},
    url = {https://books.google.com.br/books?hl=pt-BR&lr=&id=Yz55lPEuzckC&oi=fnd&pg=PA1&dq=Cryptography:+theory+and+practice&ots=qt1dZa2W2e&sig=YbA0I7qQFsRXNJUTBkPPz3deHwM},
    isbn = {1584885084},
    doi = {10.1016/0898-1221(95)90225-2},
    issn = {08981221},
    pmid = {14264880}
}

@article{Rosin2015,
    title = {{Dynamics of Complex Autonomous Boolean Networks}},
    year = {2014},
    journal = {Thesis},
    author = {Rosin, David},
    url = {https://books.google.com.br/books?hl=pt-BR&lr=&id=rk0IBgAAQBAJ&oi=fnd&pg=PR9&dq=Dynamics+of+Complex+Autonomous+Boolean+Networks&ots=5Clerimt1z&sig=fTyElQfVdnyiZWH5-Et6NjYJTfc},
    isbn = {978-3-319-13577-9},
    doi = {10.1007/978-3-319-13578-6},
    keywords = {Complex Systems, Ele, Networks, Nonlinear Dynamics, Complex Systems, Networks, Ele}
}

@book{Roth1998,
    title = {{Digital systems design using VHDL}},
    year = {1998},
    author = {Roth, CH},
    edition = {2},
    pages = {592},
    publisher = {CL Engineering},
    url = {http://www.cengagebrain.com.mx/content/roth84625_0534384625_02.01_chapter01.pdf}
}

@book{Terada2000,
    title = {{Seguran{\c{c}}a de dados: criptografia em redes de computador}},
    year = {2000},
    author = {TERADA, Routo},
    pages = {242},
    url = {https://scholar.google.com.br/scholar?q=terada+routo&btnG=&hl=pt-BR&as_sdt=0%2C5#1},
    isbn = {978-85-212-0439-8}
}

@book{DAmore2005,
    title = {{VHDL Descri{\{}{\c{c}}{\}}{\{}{\~{a}}{\}}o e Sintese de Circuitos Digitais}},
    year = {2012},
    author = {D' AMORE, Roberto},
    publisher = {Editora LTC},
    url = {https://scholar.google.com.br/scholar?hl=pt-BR&q=vhdl+descricao+sintese&btnG=&lr=#0}
}

@misc{UnsignedIntegerLimited,
    title = {{DistroWatch Page Hit Ranking}},
    author = {{Unsigned Integer Limited}}
}

@book{Silberschatz2003,
    title = {{Sistemas operacionais: conceitos e aplica{\c{c}}ões}},
    year = {2003},
    author = {Silberschatz, Abraham and Gagne, Greg and Galvin, Peter Baer},
    edition = {3},
    publisher = {Pearson, Prentice Hall}
}

@book{Nemeth2007,
    title = {{Manual Completo do LINUX, Guia do adiministrador}},
    year = {2007},
    author = {Nemeth, Evi and Hein, Trent and Snyder, Garth},
    edition = {2},
    publisher = {Prentice Hall},
    isbn = {9788576051121}
}

@book{Corbet2005,
    title = {{Linux Device Drivers}},
    year = {2005},
    booktitle = {Classcloud.Org},
    author = {Rubini, Alessandro and Corbet, Jonathan},
    edition = {3},
    pages = {564},
    publisher = {O'Reilly Media},
    url = {http://books.google.com/books?hl=en&amp;lr=&amp;id=53-wm0d-BFwC&amp;oi=fnd&amp;pg=PR11&amp;dq=Linux+Device+Drivers+2&amp;ots=yuI9qBMprm&amp;sig=11yHCWdvBbSIkOLFLFCmItmxYVM\nhttp://scholar.google.com/scholar?hl=en&btnG=Search&q=intitle:Linux+device+drivers},
    isbn = {0596005903},
    doi = {10.1017/CBO9781107415324.004},
    issn = {1098-6596},
    pmid = {25246403},
    arxivId = {arXiv:1011.1669v3},
    keywords = {a book about writing, all those, and somebody is going, device drivers for the, eface, goal, hardware products is not, likely, linux system, of course, on the surface, soon, that is a worthy, the flow of new, this is, to have to make, to slow down anytime}
}

@book{Williams2011,
    title = {{Free as in Freedom: Richard Stallman's Crusade for Free Software}},
    year = {2002},
    booktitle = {Ieee Spectrum},
    author = {Williams, Sam},
    edition = {1},
    publisher = {O'Reilly Media},
    url = {http://www.oreilly.com/openbook/freedom/},
    isbn = {0596002874},
    doi = {10.1109/MSPEC.2002.1049262},
    issn = {00189235},
    pmid = {13070951}
}

@book{Axelson2005,
    title = {{USB Complete: Everything You Need to Develop Custom USB Peripherals}},
    year = {2005},
    author = {Axelson, J.},
    edition = {4},
    pages = {572},
    publisher = {Lakeview Research},
    url = {http://should-i-read-this.info/wp-content/uploads/pdfs/USB Complete Everything You Need to Develop Custom USB Peripherals by Jan Axelson - Indirect  Realiant On 3Rd Party Products.pdf},
    isbn = {9781931448031},
    keywords = {USB}
}

@misc{Hyde,
    title = {{Learning USB by Doing}},
    year = {2001},
    booktitle = {Intel Corporation},
    author = {Hyde, John},
    url = {http://www.devasys.com/PD11x/JHWP.pdf}
}

@misc{CypressSemiconductorCorporation2013,
    title = {{Datasheet CY7C67200 - EZ-OTGTM Programmable USB On-The-Go Host/Peripheral Controller}},
    year = {2013},
    author = {{Cypress Semiconductor Corporation}},
    url = {http://www.cypress.com/file/143096/download}
}

@book{TerasicTechnologiesInc.2013,
    title = {{User Manual}},
    year = {2013},
    author = {Steiger, Sebastian and Povolotskyi, Michael and Park, Hong-hyun},
    edition = {1},
    publisher = {Terasic},
    url = {http://www.terasic.com.tw/cgi-bin/page/archive.pl?Language=English&CategoryNo=139&No=502&PartNo=4}
}

@misc{ZywynCorporation2005,
    title = {{Datasheet ZT32xxE Low Power +3V to +5.5V, 250kbps RS232 Transceivers}},
    year = {2005},
    author = {{Zywyn Corporation}}
}

@misc{Philips2004,
    title = {{Datasheet ISP1362 - Single-chip Universal Serial Bus On-The-Go controller}},
    year = {2004},
    author = {{Philips}},
    url = {http://www.cs.columbia.edu/~sedwards/classes/2008/4840/Philips-ISP1362-USB-controller.pdf}
}

@article{Norhuzaimin2005,
    title = {{The design of high speed UART}},
    year = {2005},
    journal = {Applied Electromagnetics},
    author = {Norhuzaimin, Julai and Maimun, Huja Husin},
    url = {http://ieeexplore.ieee.org/xpls/abs_all.jsp?arnumber=1607831}
}

@article{Yi-Yuan2011,
    title = {{Design and simulation of UART serial communication module based on VHDL}},
    year = {2011},
    journal = {2011 3rd International Workshop on Intelligent Systems and Applications, ISA 2011 - Proceedings},
    author = {Fang, Yi Yuan and Chen, Xue Jun},
    pages = {1--4},
    volume = {3},
    url = {http://ieeexplore.ieee.org/xpls/abs_all.jsp?arnumber=5873448},
    isbn = {9781424498574},
    doi = {10.1109/ISA.2011.5873448},
    keywords = {Quartus II, UART, VHDL, asynchronous serial communication, simulation}
}

@book{TerasicTechnologiesInc.2010,
    title = {{User Manual}},
    year = {2010},
    author = {Gmbh, Copyright I T I},
    edition = {1},
    publisher = {Terasic},
    url = {http://ti.tuwien.ac.at/ecs/teaching/courses/ddca15/dide_unterlagen/fpga-board-manual}
}

@article{Kroah-Hartman2003,
    title = {{The USB Serial Driver Layer}},
    year = {2003},
    journal = {Linux Journal},
    author = {Kroah-Hartman, Greg},
    number = {103},
    pages = {1--3},
    volume = {6434},
    url = {http://www.linuxjournal.com/article/6434},
    keywords = {Embedded, Software}
}

@misc{Durda1996,
    title = {{Serial and UART Tutorial}},
    year = {2015},
    author = {Durda, Frank},
    pages = {1--31}
}

@book{Anderson2001,
    title = {{Universal Serial Bus System Architecture}},
    year = {2001},
    author = {Anderson, Don and Dzatko, Dave and {MindShare Inc.}},
    edition = {2},
    pages = {505},
    publisher = {Addison-Wesley Professional},
    url = {https://books.google.cl/books/about/Universal_Serial_Bus_System_Architecture.html?id=nmJTAAAAMAAJ&pgis=1},
    isbn = {0201309750}
}

@article{Bus2008,
    title = {{USB 3.0 Specification}},
    year = {2008},
    author = {{USB Organization}},
    url = {www.usb.org}
}

@book{Lewine1991,
    title = {{POSIX Programmer's Guide}},
    year = {1991},
    booktitle = {POSIX Programmer's Guide - 1991},
    author = {Lewine, Donald},
    edition = {1},
    number = {March 1994},
    pages = {0},
    publisher = {O'Reilly Media},
    url = {http://www.amazon.com/s/ref=nb_sb_noss?url=search-alias=aps&field-keywords=9780937175736},
    isbn = {0-937175-73-0}
}

@book{Loosemore1993,
    title = {{The GNU C++ library}},
    year = {2011},
    booktitle = {The C++ Report},
    author = {Lea, D},
    volume = {2.22},
    url = {http://cdsweb.cern.ch/record/446548\nhttp://gee.cs.oswego.edu/dl/papers/C++Report93.pdf}
}

@misc{Coldwell2003,
    title = {{Terminal Concepts in GNU/Linux}},
    year = {2003},
    author = {Coldwell, Charles},
    url = {http://frank.harvard.edu/~coldwell/terminals/}
}

@article{ALANAZI2010,
    title = {{New Comparative Study Between DES, 3DES and AES within Nine Factors}},
    year = {2010},
    journal = {Journal of Computing},
    author = {Alanazi, Hamdan. O. and Zaidan, B. B. and Zaidan, a. a. and Jalab, Hamid a. and Shabbir, M. and Al-Nabhani, Y.},
    number = {3},
    pages = {2151--9617},
    volume = {2},
    url = {http://arxiv.org/abs/1003.4085},
    arxivId = {1003.4085}
}

@book{Biham2012,
    title = {{Diifferential Cryptanalysis of the Data Encryption Standard}},
    year = {1993},
    booktitle = {Lecture Notes in Computer Science},
    author = {Biham, E and Shamir, A},
    edition = {1},
    pages = {213--230},
    publisher = {Springer}
}

@article{Kuon2008,
    title = {{FPGA Architecture: Survey and Challenges}},
    year = {2007},
    journal = {Foundations and Trends{\textregistered} in Electronic Design Automation},
    author = {Kuon, Ian and Tessier, Russell and Rose, Jonathan},
    number = {2},
    pages = {135--253},
    volume = {2},
    url = {http://dl.acm.org/citation.cfm?id=1454696},
    isbn = {9781601981264},
    doi = {10.1561/1000000005},
    issn = {1551-3076}
}

@misc{Rocha,
    title = {{Evolu{\c{c}}{\~{a}}o dos Circuitos Integrados}},
    author = {Rocha, Alcides and Mendes, Pedro},
    pages = {1--9},
    url = {http://evolucaoic.com.sapo.pt/TrabalhoPraticoTICEvolCircuitosIntegrados.pdf}
}

@misc{Neto2015,
    title = {{Transistor}},
    year = {2015},
    author = {Neto, José Maurício},
    url = {http://www.cear.ufpb.br/~mauricio/wp-content/uploads/2015/05/Transistor.pdf}
}

@misc{Oka2000,
    title = {{História do Transistor}},
    year = {2000},
    author = {Oka, Mauricio Massazumi},
    url = {http://www.lsi.usp.br/~dmi/manuais/HistoriaDoTransistor.pdf}
}

@misc{Morimoto2005,
    title = {{Trans{\'{i}}stor}},
    year = {2005},
    author = {Morimoto, Carlos},
    url = {http://www.hardware.com.br/termos/transistor}
}

@misc{SiliconLaboratories2010,
    title = {{AN571 - CP210X Virtual COM Port Interface}},
    year = {2010},
    author = {{Silicon Laboratories}},
    url = {https://www.silabs.com/Support Documents/TechnicalDocs/AN571.pdf}
}

@book{KernelDocumentation,
    title = {{Low Level Serial API}},
    year = {2014},
    author = {{Kernel Documentation}},
    url = {https://www.kernel.org/doc/Documentation/serial/driver}
}

@misc{FreeSoftwareFoundation2014,
    title = {{O que {\'{e}} o software livre?}},
    year = {2014},
    booktitle = {GNU},
    author = {{Free Software Foundation}},
    url = {http://www.gnu.org/philosophy/free-sw.pt-br.html}
}

@book{KernelDocumentationa,
    title = {{USB - serial}},
    year = {2014},
    author = {{Kernel Documentation}},
    url = {https://www.kernel.org/doc/Documentation/usb/usb-serial.txt}
}

@book{KernelDocumentationb,
    title = {{The Basic Device Structure}},
    year = {2014},
    author = {{Kernel Documentation}},
    url = {https://www.kernel.org/doc/Documentation/driver-model/device.txt}
}

@misc{DonClark2015,
    title = {{Intel Completes Acquisition of Altera - WSJ}},
    year = {2015},
    booktitle = {The Wall Street Journal},
    author = {{Don Clark}},
    pages = {1},
    url = {http://www.wsj.com/articles/intel-completes-acquisition-of-altera-1451338307}
}

@book{Sass2010,
    title = {{Embedded Systems Design with Platform FPGAs Principles and Practices}},
    year = {2010},
    author = {Sass, Ronald and Schmidt, Andrew},
    edition = {1},
    pages = {408},
    publisher = {Morgan Kaufmann},
    isbn = {9780123743336}
}

@book{Lopes2013,
    title = {{Meta-heur{\'{i}}sticas em Pesquisa Operacional}},
    year = {2013},
    author = {Lopes, Heitor Silvério and Rodrigues, Luiz Carlos de Abreu and Steiner, Maria Teresinha Arns},
    editor = {{Omnipax}},
    edition = {1},
    pages = {472},
    publisher = {Omnipax},
    url = {http://omnipax.com.br/site/?page_id=220},
    isbn = {978-85-64619-10-4},
    doi = {10.7436/2013.mhpo.0}
}

@article{Dasgupta2008,
    title = {{A comparison of multiobjective evolutionary algorithms with informed initialization and kuhn-munkres algorithm for the sailor assignment problem}},
    year = {2008},
    journal = {Proceedings of the 10th},
    author = {Dasgupta, D and Hernandez, G and Garrett, D},
    url = {http://dl.acm.org/citation.cfm?id=1389035}
}

@article{Balya1999,
    title = {{Face and Eye Detection by CNN Algorithms}},
    year = {1999},
    journal = {Journal of VLSI signal processing systems for signal, image and video technology},
    author = {Balya, D. and Roska, T.},
    number = {2},
    pages = {497--511},
    volume = {23},
    url = {http://dx.doi.org/10.1023/A:1008121908145},
    doi = {10.1023/A:1008121908145},
    issn = {0922-5773}
}

@article{McCulloch1943,
    title = {{A logical calculus of the ideas immanent in nervous activity}},
    year = {1943},
    journal = {The Bulletin of Mathematical Biophysics},
    author = {McCulloch, Warren S. and Pitts, Walter},
    number = {4},
    pages = {115--133},
    volume = {5},
    isbn = {0007-4985},
    doi = {10.1007/BF02478259},
    issn = {00074985},
    pmid = {2185863},
    arxivId = {arXiv:1011.1669v3}
}

@inproceedings{Giusti2013,
    title = {{Fast image scanning with deep max-pooling convolutional neural networks}},
    year = {2013},
    booktitle = {2013 IEEE International Conference on Image Processing, ICIP 2013 - Proceedings},
    author = {Giusti, Alessandro and Cire{\c{s}}an, Dan C. and Masci, Jonathan and Gambardella, Luca M. and Schmidhuber, Jürgen},
    pages = {4034--4038},
    url = {http://ieeexplore.ieee.org/abstract/document/6738831/},
    isbn = {9781479923410},
    doi = {10.1109/ICIP.2013.6738831},
    issn = {1098-6596},
    arxivId = {arXiv:1302.1700v1},
    keywords = {Biomedical Imaging, Convolution, Deep Neural Networks, Detection, Forward-Propagation, Max-Pooling, Segmentation, Sliding Window}
}

@article{Haoxiang2015,
    title = {{A Convolutional Neural Network Approach for Face Identification}},
    year = {2015},
    journal = {IEEE Conference on Computer Vision and Pattern Recognition},
    author = {Haoxiang, Li and {Lin}},
    pages = {5325--5334},
    url = {http://www.cv-foundation.org/openaccess/content_cvpr_2015/html/Li_A_Convolutional_Neural_2015_CVPR_paper.html http://www.cs.nyu.edu/~xd283/face2012.pdf},
    isbn = {9781479953134},
    doi = {10.1109/CVPR.2015.7299170},
    issn = {1063-6919}
}

@article{LeCun1998G,
    title = {{Gradient-based learning applied to document recognition}},
    year = {1998},
    journal = {Proceedings of the IEEE},
    author = {LeCun, Yann and Bottou, L??on and Bengio, Yoshua and Haffner, Patrick},
    number = {11},
    pages = {2278--2323},
    volume = {86},
    isbn = {0018-9219},
    doi = {10.1109/5.726791},
    issn = {00189219},
    pmid = {15823584},
    arxivId = {1102.0183},
    keywords = {Convolutional neural networks, Document recognition, Finite state transducers, Gradient-based learning, Graph transformer networks, Machine learning, Neural networks, Optical character recognition (OCR)}
}

@article{Berg2004,
    title = {{Who's in the picture}},
    year = {2004},
    journal = {Advances in neural},
    author = {Berg, TL and Berg, AC and Edwards, J},
    url = {https://papers.nips.cc/paper/2708-whos-in-the-picture.pdf}
}

@article{Glorot2010,
    title = {{Understanding the difficulty of training deep feedforward neural networks}},
    year = {2010},
    journal = {Proceedings of the 13th International Conference on Artificial Intelligence and Statistics (AISTATS)},
    author = {Glorot, Xavier and Bengio, Yoshua},
    pages = {249--256},
    volume = {9},
    url = {http://www.jmlr.org/proceedings/papers/v9/glorot10a/glorot10a.pdf?hc_location=ufi http://machinelearning.wustl.edu/mlpapers/paper_files/AISTATS2010_GlorotB10.pdf},
    isbn = {9781937284275},
    doi = {10.1.1.207.2059},
    issn = {15324435}
}

@article{Garcia2004,
    title = {{Convolutional face finder: A neural architecture for fast and robust face detection}},
    year = {2004},
    journal = {IEEE Transactions on Pattern Analysis and Machine Intelligence},
    author = {Garcia, Christophe and Delakis, Manolis},
    number = {11},
    pages = {1408--1423},
    volume = {26},
    isbn = {0162-8828},
    doi = {10.1109/TPAMI.2004.97},
    issn = {01628828},
    pmid = {15521490},
    keywords = {Convolutional networks, Face detection, Machine learning, Neural networks}
}

@article{Martin1993,
    title = {{Centered-Object Integrated Segmentation and Recognition of Overlapping Handprinted Characters}},
    year = {1993},
    journal = {Neural Computation},
    author = {Martin, Gale L.},
    number = {3},
    month = {5},
    pages = {419--429},
    volume = {5},
    url = {http://www.mitpressjournals.org/doi/10.1162/neco.1993.5.3.419},
    doi = {10.1162/neco.1993.5.3.419},
    issn = {0899-7667}
}

@article{Wang1993,
    title = {{Multiresolution neural networks for omnifont character recognition}},
    year = {1993},
    journal = {Neural Networks, 1993., IEEE International},
    author = {Wang, J and Jean, J},
    url = {http://ieeexplore.ieee.org/abstract/document/298793/}
}

@article{Lawrence1997,
    title = {{Face recognition: a convolutional neural-network approach}},
    year = {1997},
    journal = {IEEE Transactions on Neural Networks},
    author = {Lawrence, S and Giles, C.L. and {Ah Chung Tsoi} and Back, A.D.},
    number = {1},
    pages = {98--113},
    volume = {8},
    url = {http://ieeexplore.ieee.org/lpdocs/epic03/wrapper.htm?arnumber=554195},
    isbn = {1045-9227 VO - 8},
    doi = {10.1109/72.554195},
    issn = {10459227},
    pmid = {18255614}
}

@article{Martin1991,
    title = {{Recognizing hand-printed letters and digits using backpropagation learning}},
    year = {1991},
    journal = {Neural Computation},
    author = {Martin, Gale L. and Pittman, James A.},
    number = {2},
    month = {6},
    pages = {258--267},
    volume = {3},
    url = {http://www.mitpressjournals.org/doi/10.1162/neco.1991.3.2.258},
    doi = {10.1162/neco.1991.3.2.258},
    issn = {0899-7667}
}

@article{Zhang2017,
    title = {{Using Blind Optimization Algorithm for Hardware/Software Partitioning}},
    year = {2017},
    journal = {IEEE Access},
    author = {Zhang, Tao and Zhao, Xin and An, Xinqi and Quan, Haojun and Lei, Zhichun},
    pages = {1353--1362},
    volume = {5},
    url = {http://ieeexplore.ieee.org/document/7858718/},
    doi = {10.1109/ACCESS.2017.2669481},
    issn = {2169-3536}
}

@article{Yan2017,
    title = {{A Novel Hardware/Software Partitioning Method Based on Position Disturbed Particle Swarm Optimization with Invasive Weed Optimization}},
    year = {2017},
    journal = {Journal of Computer Science and Technology},
    author = {Yan, Xiao-Hu and He, Fa-Zhi and Chen, Yi-Lin},
    number = {2},
    month = {3},
    pages = {340--355},
    volume = {32},
    publisher = {Springer US},
    url = {http://link.springer.com/10.1007/s11390-017-1714-2},
    doi = {10.1007/s11390-017-1714-2},
    issn = {1000-9000}
}

@article{Stitt2003,
    title = {{Dynamic hardware/software partitioning: a first approach}},
    year = {2003},
    journal = {Proceedings 2003. Design Automation Conference (IEEE Cat. No.03CH37451)},
    author = {Stitt, G. and Lysecky, R. and Vahid, F.},
    pages = {250--255},
    url = {http://ieeexplore.ieee.org/lpdocs/epic03/wrapper.htm?arnumber=1219003},
    isbn = {1581136889},
    doi = {10.1109/DAC.2003.1219003},
    keywords = {3, algorithms, c, design, performance, real-, special-purpose and application-based systems, time and embedded systems}
}

@article{Mei2000,
    title = {{A hardware-software partitioning and scheduling algorithm for dynamically reconfigurable embedded systems}},
    year = {2000},
    journal = {Proceedings of ProRISC},
    author = {Mei, Bingfeng and Schaumont, P and Vernalde, S},
    url = {http://citeseerx.ist.psu.edu/viewdoc/download?doi=10.1.1.14.8984&rep=rep1&type=pdf},
    doi = {10.1.1.14.8984},
    keywords = {co-design, dynamic reconfiguration, fpga, hardware-software co-design research deals, ogy from a system, partitioning, point of view, scheduling, with how}
}

@article{Shi2014,
    title = {{Algorithms for bi-objective multiple-choice hardware/software partitioning}},
    year = {2014},
    journal = {Computers and Electrical Engineering},
    author = {Shi, Wenjun and Wu, Jigang and Lam, Siew kei and Srikanthan, Thambipillai},
    pages = {127--142},
    volume = {50},
    isbn = {9781479938445},
    doi = {10.1016/j.compeleceng.2016.01.006},
    issn = {00457906},
    keywords = {Algorithm, Bi-objective, Hardware/software partitioning, Multiple choice, Power consumption}
}

@article{Jemai2015,
    title = {{Hardware software partitioning of control data flow graph on system on programmable chip}},
    year = {2015},
    journal = {Microprocessors and Microsystems},
    author = {Jemai, Mehdi and Ouni, Bouraoui},
    number = {4-5},
    pages = {259--270},
    volume = {39},
    doi = {10.1016/j.micpro.2015.04.006},
    issn = {01419331},
    keywords = {Co-design, Control data flow graph, Hardware-software partitioning, SOPC}
}

@article{Balboni1996,
    title = {{Partitioning and exploration strategies in the tosca co-design flow}},
    year = {1996},
    journal = {/Software Co-Design, 1996.( {\ldots}},
    author = {Balboni, A and Fornaciari, W and Sciuto, D},
    url = {http://ieeexplore.ieee.org/abstract/document/492227/}
}

@article{Gajski1998,
    title = {{SpecSyn: an environment supporting the specify-explore-refine paradigm for hardware/software system design}},
    year = {1998},
    journal = {IEEE Transactions on},
    author = {Gajski, DD and Vahid, F and Narayan, S},
    url = {http://ieeexplore.ieee.org/abstract/document/661251/}
}

@article{Gupta1993,
    title = {{Hardware-software cosynthesis for digital systems}},
    year = {1993},
    journal = {IEEE Design {\&} test of computers},
    author = {Gupta, RK and Micheli, G De},
    url = {http://ieeexplore.ieee.org/abstract/document/232470/}
}

@article{Henkel1999,
    title = {{A low power hardware/software partitioning approach for core-based embedded systems}},
    year = {1999},
    journal = {Proceedings of the 36th annual ACM/IEEE Design},
    author = {Henkel, J},
    url = {http://dl.acm.org/citation.cfm?id=309896}
}

@article{Henkel1998,
    title = {{Energy-conscious HW/SW-partitioning of embedded systems: A Case Study on an MPEG-2 Encoder}},
    year = {1998},
    journal = {Proceedings of the 6th international workshop on},
    author = {Henkel, J and Li, Y},
    url = {http://dl.acm.org/citation.cfm?id=278292}
}

@article{Henkel1997,
    title = {{A hardware/software partitioner using a dynamically determined granularity}},
    year = {1997},
    journal = {Proceedings of the 34th annual Design Automation},
    author = {Henkel, J and Ernst, R},
    url = {http://dl.acm.org/citation.cfm?id=266323}
}

@article{Kalavade1994,
    title = {{A global criticality/local phase driven algorithm for the constrained hardware/software partitioning problem}},
    year = {1994},
    journal = {Proceedings of the 3rd international workshop on},
    author = {Kalavade, A and Lee, EA},
    url = {http://dl.acm.org/citation.cfm?id=947193}
}

@article{Vanmeerbeeck2001,
    title = {{Hardware/software partitioning of embedded system in OCAPI-xl}},
    year = {2001},
    journal = {Proceedings of the},
    author = {Vanmeerbeeck, G and Schaumont, P and Vernalde, S},
    url = {http://dl.acm.org/citation.cfm?id=371665}
}

@article{Stitt2002a,
    title = {{Using on-chip configurable logic to reduce embedded system software energy}},
    year = {2002},
    journal = {, 2002. Proceedings. 10th  {\ldots}},
    author = {Stitt, G and Grattan, B and Villarreal, J},
    url = {http://ieeexplore.ieee.org/abstract/document/1106669/}
}

@article{Stitt2002,
    title = {{Energy advantages of microprocessor platforms with on-chip configurable logic}},
    year = {2002},
    journal = {IEEE Design {\&} Test of Computers},
    author = {Stitt, G and Vahid, F},
    url = {http://ieeexplore.ieee.org/abstract/document/1047742/}
}

@article{Wan1998,
    title = {{An energy conscious methodology for early design exploration of heterogeneous DSPs}},
    year = {1998},
    journal = {, 1998. Proceedings of  {\ldots}},
    author = {Wan, M and Ichikawa, Y and Lidsky, D},
    url = {http://ieeexplore.ieee.org/abstract/document/694918/}
}

@article{Athanas1993,
    title = {{Processor Reconfiguration Through Instruction-Set Metamorphosis}},
    year = {1993},
    journal = {Computer},
    author = {Athanas, Peter M. and Silverman, Harvey F.},
    number = {3},
    pages = {11--18},
    volume = {26},
    isbn = {0018-9162},
    doi = {10.1109/2.204677},
    issn = {00189162}
}

@article{Ismail1995,
    title = {{Synthesis Steps and Design Models for Codesign}},
    year = {1995},
    journal = {Computer},
    author = {Ismail, Tarek Ben and Jerraya, Ahmed Amine},
    number = {2},
    pages = {44--53},
    volume = {28},
    doi = {10.1109/2.347999},
    issn = {00189162}
}

@article{Amdahl1967,
    title = {{Validity of the single processor approach to achieving large scale computing capabilities}},
    year = {1967},
    journal = {Proceedings of the April 18-20, 1967, spring joint},
    author = {Amdahl, GM},
    url = {http://dl.acm.org/citation.cfm?id=1465560}
}

@inproceedings{Amorim2017,
    title = {{A constraint-driven assessment of operating systems for wearable devices}},
    year = {2017},
    booktitle = {Brazilian Symposium on Computing System Engineering, SBESC},
    author = {Amorim, Vicente Jose Peixoto and Delabrida, Saul and Oliveira, Ricardo Augusto Rabelo},
    pages = {150--155},
    isbn = {9781509026531},
    doi = {10.1109/SBESC.2016.030},
    issn = {23247894},
    keywords = {Android, Assessment, Evaluation, Linux, Operating systems, Pebble, Tizen, Wearables}
}

@article{Mann1997,
    title = {{Wearable computing: A first step toward personal imaging}},
    year = {1997},
    journal = {Computer},
    author = {Mann, S},
    url = {http://ieeexplore.ieee.org/abstract/document/566147/}
}

@article{Sutherland1968,
    title = {{A head-mounted three dimensional display}},
    year = {1968},
    journal = {Proceedings of the December 9-11, 1968, fall joint},
    author = {Sutherland, IE},
    url = {http://dl.acm.org/citation.cfm?id=1476686}
}

@article{Delabrida2016,
    title = {{Building wearables for geology.}},
    year = {2016},
    author = {Delabrida, S and D'Angelo, T and Oliveira, RAR and Loureiro, AAF},
    url = {https://www.researchgate.net/profile/Ricardo_Rabelo3/publication/298333020_Building_Wearables_for_Geology/links/57d2b4fa08ae6399a38d931a.pdf}
}

@article{Mann1996,
    title = {{Smart clothing: the shift to wearable computing}},
    year = {1996},
    journal = {Communications of the ACM},
    author = {Mann, Steve},
    number = {8},
    pages = {23--24},
    volume = {39},
    url = {http://portal.acm.org/citation.cfm?doid=232014.232021},
    isbn = {0001-0782},
    doi = {10.1145/232014.232021},
    issn = {00010782}
}

@article{Nematbakhsh,
    title = {{The Effect of FPGA Size on Software Speedup from Hardware/Software Partitioning}},
    author = {Nematbakhsh, Shawn and Nematbakhsh, Shawn and Stitt, Greg and Vahid, Frank and Nematbakhsh, Shawn and Stitt, Greg and Vahid, Frank},
    url = {http://citeseerx.ist.psu.edu/viewdoc/summary?doi=10.1.1.115.8134}
}

@book{InstitutoPolitecnicoNacionalMexico.CentrodeInvestigacionenCienciasComputacion.2013,
    title = {{Computación y sistemas.}},
    year = {2013},
    booktitle = {Computaci{\'{o}}n y Sistemas},
    author = {Instituto Politécnico Nacional (Mexico). Centro de Investigación en Ciencias Computación., Humberto and Cuenca Asensi, Sergio and Sep{\'{u}}lveda Lima, Roberto and Fajardo Calder{\'{i}}n, Jenny and Rosete Su{\'{a}}rez, Alejandro},
    number = {1},
    pages = {25--39},
    volume = {17},
    url = {http://www.scielo.org.mx/scielo.php?script=sci_abstract&pid=S1405-55462013000100004&lng=en},
    issn = {1405-5546}
}

@book{Gupta1995,
    title = {{Co-synthesis of hardware and software for digital embedded systems}},
    year = {1995},
    author = {Gupta, Rajesh Kumar and By-Micheli, Rajesh Kumar/Foreword and De, Giovanni},
    pages = {266},
    publisher = {Kluwer Academic Publishers},
    url = {http://dl.acm.org/citation.cfm?id=546156},
    isbn = {0792396138}
}

@article{Gajski1994,
    title = {{Specification and design of embedded systems}},
    year = {1994},
    author = {Gajski, DD and Vahid, F and Narayan, S and Gong, J},
    url = {http://tocs.ulb.tu-darmstadt.de/4948270X.pdf}
}

@article{Bolsens1997,
    title = {{Hardware/software co-design of digital telecommunication systems}},
    year = {1997},
    journal = {Proceedings of the IEEE},
    author = {Bolsens, Ivo and De Man, Hugo J. and Lin, Bill and Van Rompaey, Karl and Vercauteren, Steven and Verkest, Diederik},
    number = {3},
    pages = {391--417},
    volume = {85},
    isbn = {0018-9219},
    doi = {10.1109/5.558713},
    issn = {00189219}
}

@article{Kymissis1998,
    title = {{Parasitic power harvesting in shoes}},
    year = {1998},
    journal = {, 1998. Digest of  {\ldots}},
    author = {Kymissis, J and Kendall, C and Paradiso, J},
    url = {http://ieeexplore.ieee.org/abstract/document/729539/}
}

@inproceedings{Kern2002,
    title = {{Wearable sensing to annotate meeting recordings}},
    year = {2002},
    booktitle = {Proceedings - International Symposium on Wearable Computers, ISWC},
    author = {Kern, Nicky and Schiele, Bernt and Junker, Holger and Lukowicz, Paul and Troster, Gerhard},
    pages = {186--193},
    volume = {2002-Janua},
    isbn = {0769518168},
    doi = {10.1109/ISWC.2002.1167247},
    issn = {15504816},
    keywords = {Accelerometers, Audio databases, Audio recording, Biosensors, Computer vision, Disk recording, Humans, Information retrieval, Wearable computers, Wearable sensors}
}

@article{Trappey2016,
    title = {{Special issue editorial on advances in collaborative systems engineering for product design, production and service network}},
    year = {2016},
    journal = {Journal of Systems Science and Systems},
    author = {Trappey, AJC and Shen, W and Cha, JJ},
    url = {http://link.springer.com/article/10.1007/s11518-016-5313-5}
}

@article{Strachacki2008,
    title = {{Speedup of branch and bound method for hardware/software partitioning}},
    year = {2008},
    journal = {Information Technology, 2008. IT 2008. 1st},
    author = {Strachacki, M},
    url = {http://ieeexplore.ieee.org/abstract/document/4621608/}
}

@article{Chatha2002,
    title = {{Hardware-software partitioning and pipelined scheduling of transformative applications}},
    year = {2002},
    journal = {IEEE Transactions on Very Large Scale},
    author = {Chatha, KS and Vemuri, R},
    url = {http://ieeexplore.ieee.org/abstract/document/1043323/}
}

@article{Jigang2004,
    title = {{A branch-and-bound algorithm for hardware/software partitioning}},
    year = {2004},
    journal = {Signal Processing and Information},
    author = {Jigang, W and Thambipillai, S},
    url = {http://ieeexplore.ieee.org/abstract/document/1434407/}
}

@article{Niemann1997,
    title = {{An algorithm for hardware/software partitioning using mixed integer linear programming}},
    year = {1997},
    journal = {Design Automation for Embedded Systems},
    author = {Niemann, R and Marwedel, P},
    url = {http://www.springerlink.com/index/K45Q58P1U31458W7.pdf}
}

@article{Zhang2008,
    title = {{A hardware/software partitioning algorithm based on artificial immune principles}},
    year = {2008},
    journal = {Applied Soft Computing},
    author = {Zhang, Yiguo and Luo, Wenjian and Zhang, Zeming and Li, Bin and Wang, Xufa},
    number = {1},
    pages = {383--391},
    volume = {8},
    url = {http://linkinghub.elsevier.com/retrieve/pii/S1568494607000257},
    doi = {10.1016/j.asoc.2007.03.003},
    issn = {15684946},
    keywords = {artificial immune system, evolutionary algorithm, hardware, negative selection, software partitioning}
}

@inproceedings{Hidalgo1997,
    title = {{Functional partitioning for hardware-software codesign using genetic algorithms}},
    year = {1997},
    booktitle = {Conference Proceedings of the EUROMICRO},
    author = {Hidalgo, J. I. and Lanchares, J.},
    pages = {631--638},
    isbn = {0818681292},
    doi = {10.1109/EURMIC.1997.617393},
    issn = {10896503}
}

@article{Wu2006,
    title = {{Low-complex dynamic programming algorithm for hardware/software partitioning}},
    year = {2006},
    journal = {Information Processing Letters},
    author = {Wu, Jigang and Srikanthan, Thambipillai},
    number = {2},
    pages = {41--46},
    volume = {98},
    doi = {10.1016/j.ipl.2005.12.008},
    issn = {00200190},
    keywords = {Algorithms, Complexity, Dynamic programming, Hardware/software partitioning}
}

@article{Madsen1997,
    title = {{LYCOS: the Lyngby Co-Synthesis System}},
    year = {1997},
    journal = {Design Automation for Embedded Systems},
    author = {Madsen, J and Grode, J and Knudsen, P V and Petersen, M E and Haxthausen, A},
    number = {2},
    pages = {195--235},
    volume = {2},
    url = {http://dx.doi.org/10.1023/A:1008884219274},
    doi = {10.1023/A:1008884219274},
    issn = {0929-5585}
}

@article{Smith1998,
    title = {{HDL Chip Design: A practical guide for designing, synthesizing and simulating ASICs and FPGAs using VHDL or Verilog}},
    year = {1998},
    author = {Smith, DJ and By-Zamfirescu, A Foreword},
    url = {http://dl.acm.org/citation.cfm?id=551302}
}

@article{Smith1996,
    title = {{VHDL and Verilog compared and contrasted-plus modeled example written in VHDL, Verilog and C}},
    year = {1996},
    journal = {Design Automation Conference Proceedings 1996,},
    author = {Smith, DJ},
    url = {http://ieeexplore.ieee.org/abstract/document/545676/}
}

@article{Brown1996,
    title = {{FPGA and CPLD architectures: A tutorial}},
    year = {1996},
    journal = {IEEE Design and Test of Computers},
    author = {Brown, Stephen and Rose, Jonathan},
    number = {2},
    pages = {42--56},
    volume = {13},
    isbn = {0740-7475 VO  - 13},
    doi = {10.1109/54.500200},
    issn = {07407475}
}

@article{Cooper2002,
    title = {{Building a control-flow graph from scheduled assembly code}},
    year = {2002},
    journal = {Dept. of Computer},
    author = {Cooper, KD and Harvey, TJ},
    url = {https://pdfs.semanticscholar.org/def3/2c6507f86253ea98809fe3a1cf29fdf4f6a9.pdf}
}

@article{Edwards1994,
    title = {{A development environment for the cosynthesis of embedded software/hardware systems}},
    year = {1994},
    journal = {and Test Conference, 1994. EDAC, The {\ldots}},
    author = {Edwards, M and Forrest, J},
    url = {http://ieeexplore.ieee.org/abstract/document/326834/}
}

@article{Wolf1994,
    title = {{Hardware-software co-design of embedded systems}},
    year = {1994},
    journal = {Proceedings of the IEEE},
    author = {Wolf, Wayne H. W.H.},
    number = {7},
    pages = {967--989},
    volume = {82},
    isbn = {0792399366},
    doi = {10.1109/5.293155},
    issn = {00189219}
}

@article{Schmidt2012,
    title = {{Investigation into scaling I/O bound streaming applications productively with an all-FPGA cluster}},
    year = {2012},
    journal = {Parallel Computing},
    author = {Schmidt, Andrew G. and Datta, Siddhartha and Mendon, Ashwin A. and Sass, Ron},
    number = {8},
    pages = {344--364},
    volume = {38},
    doi = {10.1016/j.parco.2011.12.002},
    issn = {01678191},
    keywords = {BLAST, FPGA, High performance computing, Network-On-Chip, Reconfigurable Computing, System-On-Chip}
}

@article{Edwards1996,
    title = {{Software acceleration using programmable hardware devices}},
    year = {1996},
    journal = {IEE PROCEEDINGS-COMPUTERS AND DIGITAL TECHNIQUES},
    author = {Edwards, M D and Forrest, J},
    number = {1},
    pages = {55--63},
    volume = {143},
    isbn = {1350-2387 VO  - 143},
    doi = {10.1049/ip-cdt:19960066},
    issn = {1350-2387},
    keywords = {software acceleration; programmable hardware devic}
}

@article{Gomes2015,
    title = {{Projeto e desenvolvimento de um carro rob{\^{o}} controlado por smartphone, utilizando a plataforma Amarino}},
    year = {2015},
    journal = {ForScience},
    author = {Gomes, Otávio Souza Martins and Nobrega, Rafael Vinícius Tayette da and Almeida, Tarlei and C{\'{e}}sar, João Paulo Fernandes de Cerqueira and Guimar{\~{a}}es, Rodolfo Labiapari Mansur},
    number = {2},
    pages = {01--06},
    volume = {2},
    url = {http://www.formiga.ifmg.edu.br/forscience/index.php/forscience/article/view/121},
    issn = {2318-6356},
    keywords = {Android, Arduino, Bluetooth, Carro rob{\^{o}}, Rob{\'{o}}tica}
}

@inproceedings{Hardt1995,
    title = {{An automated approach to HW/SW-codesign}},
    year = {1995},
    booktitle = {IEE Colloquium on Partitioning in Hardware-Software Codesigns},
    author = {Hardt, W},
    number = {figure 1},
    pages = {4},
    url = {http://link.aip.org/link/IEESEM/v1995/i32/p4/s1&Agg=doi},
    doi = {10.1049/ic:19950170},
    issn = {09633308}
}

@article{Jozwiak2017,
    title = {{Advanced mobile and wearable systems}},
    year = {2017},
    journal = {Microprocessors and Microsystems},
    author = {J{\'{o}}wiak, Lech},
    pages = {1339--1351},
    volume = {50},
    url = {http://www.sciencedirect.com/science/article/pii/S0141933117300741},
    doi = {10.1016/j.micpro.2017.03.008},
    issn = {01419331},
    keywords = {Automated design technology, Cyber-physical systems, Heterogeneous systems, Massively parallel systems, Mobile systems, Multi-processor systems on a chip}
}

@article{Schiele2008,
    title = {{Wearable Computing}},
    year = {2008},
    journal = {GetMobile: Mobile Computing and Communications},
    author = {Schiele, Bernt and Ogris, Georg and Kreil, Matthias},
    number = {1},
    month = {5},
    pages = {2007--2009},
    volume = {21},
    publisher = {ACM},
    url = {http://dl.acm.org/citation.cfm?doid=3103535.3103537},
    doi = {10.1145/3103535.3103537},
    issn = {23750529}
}

@article{Cheon2016,
    title = {{HifoCap: An Android App for Wearable Health Devices}},
    year = {2016},
    journal = {Departmental Technical Reports (CS)},
    author = {Cheon, Yoonsik and Romero, Rodrigo},
    url = {http://digitalcommons.utep.edu/cs_techrep/1070}
}

@article{Trindade2016,
    title = {{Applying SMT-based verification to hardware/software partitioning in embedded systems}},
    year = {2016},
    journal = {Design Automation for Embedded Systems},
    author = {Trindade, Alessandro B. and Cordeiro, Lucas C.},
    number = {1},
    month = {3},
    pages = {1--19},
    volume = {20},
    publisher = {Springer US},
    url = {http://link.springer.com/10.1007/s10617-015-9163-z},
    doi = {10.1007/s10617-015-9163-z},
    issn = {15728080},
    keywords = {Binary integer programming, Embedded systems, Formal verification, Genetic algorithm, Hardware/software co-design, Partitioning}
}

@article{Lin2016,
    title = {{Partitioning Real-Time Tasks With Replications on Multiprocessor Embedded Systems}},
    year = {2016},
    journal = {IEEE Embedded Systems Letters},
    author = {Lin, Jian Denny and Cheng, Albert M. K. and Gercek, Gokhan},
    number = {4},
    month = {12},
    pages = {89--92},
    volume = {8},
    url = {http://ieeexplore.ieee.org/document/7636995/},
    doi = {10.1109/LES.2016.2620473},
    issn = {1943-0663}
}

@inproceedings{Sapienza2016,
    title = {{Extra-Functional Properties Composability for Embedded Systems Partitioning}},
    year = {2016},
    booktitle = {2016 19th International ACM SIGSOFT Symposium on Component-Based Software Engineering (CBSE)},
    author = {Sapienza, Gaetana and Sentilles, Severine and Crnkovic, Ivica and Seceleanu, Tiberiu},
    month = {4},
    pages = {69--78},
    publisher = {IEEE},
    url = {http://ieeexplore.ieee.org/document/7497432/},
    isbn = {978-1-5090-2569-5},
    doi = {10.1109/CBSE.2016.19}
}

@article{Eriksson2016,
    title = {{Partitioning methodology validation for embedded systems design}},
    year = {2016},
    author = {Eriksson, Jonas},
    url = {http://www.diva-portal.org/smash/record.jsf?pid=diva2%3A938184&dswid=-4366},
    keywords = {Computer Systems, Datorsystem}
}

@inproceedings{Fatehy2016,
    title = {{ANSI C Front-End enhancement for CUPSHOP HW/SW partitioning tool}},
    year = {2016},
    booktitle = {2016 3rd International Conference on Advances in Computational Tools for Engineering Applications (ACTEA)},
    author = {Fatehy, Ahmed Hamed and Hassan, Rania O. and Abdelhalim, M. B. and Habib, S. E. D.},
    month = {7},
    pages = {12--15},
    publisher = {IEEE},
    url = {http://ieeexplore.ieee.org/document/7560103/},
    isbn = {978-1-4673-8523-7},
    doi = {10.1109/ACTEA.2016.7560103}
}

@article{Wang2016,
    title = {{Uncertainty model for configurable hardware/software and resource partitioning}},
    year = {2016},
    journal = {IEEE Transactions on Computers},
    author = {Wang, Rui and Hung, William N. N. and Yang, Guowu and Song, Xiaoyu},
    number = {10},
    month = {10},
    pages = {3217--3223},
    volume = {65},
    url = {http://ieeexplore.ieee.org/document/7387705/},
    isbn = {0018-9340},
    doi = {10.1109/TC.2016.2519895},
    issn = {00189340},
    keywords = {Uncertainty model, hardware/software partitioning, resource partitioning, resource sharing}
}

@article{Teich2012,
    title = {{Hardware/software codesign: The past, the present, and predicting the future}},
    year = {2012},
    journal = {Proceedings of the IEEE},
    author = {Teich, J},
    url = {http://ieeexplore.ieee.org/abstract/document/6172642/}
}

@article{Mann2007,
    title = {{Finding optimal hardware/software partitions}},
    year = {2007},
    journal = {Formal Methods in System Design},
    author = {Mann, ZÁ and Orb{\'{a}}n, A and Arat{\'{o}}, Péter},
    url = {http://www.springerlink.com/index/C73P1G152L286187.pdf}
}

@inproceedings{Arato,
    title = {{Hardware-software partitioning in embedded system design}},
    year = {2003},
    booktitle = {2003 IEEE International Symposium on Intelligent Signal Processing: From Classical Measurement to Computing with Perceptions, WISP 2003 - Proceedings},
    author = {Arat{\'{o}}, Péter and Juh??sz, S??ndor and Mann, Zolt??n ??d??m and Orb??n, Andr??s and Papp, D??vid},
    pages = {197--202},
    publisher = {IEEE},
    url = {http://ieeexplore.ieee.org/document/1275838/},
    isbn = {0780378644},
    doi = {10.1109/ISP.2003.1275838},
    keywords = {Genetic algorithm, Graph partitioning, Hardware/software codesign, Hardware/software partitioning, Integer linear programming}
}

@article{Arato2003a,
    title = {{Hardware-software co-design for Kohonen's self-organizing map}},
    year = {2003},
    journal = {Proceedings of the IEEE 7th international},
    author = {Arat{\'{o}}, Péter and Mann, ZÁ and Orb{\'{a}}n, A},
    url = {http://www.cs.bme.hu/~manusz/publications/INES-2003/ines.pdf}
}

@article{Chatha2001,
    title = {{MAGELLAN: Multiway hardware-software partitioning and scheduling for latency minimization of hierarchical control-dataflow task graphs}},
    year = {2001},
    journal = {of the ninth international symposium on Hardware {\ldots}},
    author = {Chatha, KS and Vemuri, R},
    url = {http://dl.acm.org/citation.cfm?id=371671}
}

@article{Arato2005a,
    title = {{Algorithmic aspects of hardware/software partitioning}},
    year = {2005},
    journal = {Acm Transactions on Design Automation of Electronic Systems},
    author = {Arat{\'{o}}, Péter and Mann, Zolt?n A. and Orban, A.},
    number = {1},
    month = {1},
    pages = {136--156},
    volume = {10},
    publisher = {ACM},
    url = {http://portal.acm.org/citation.cfm?doid=1044111.1044119},
    doi = {10.1145/1044111.1044119},
    issn = {1084-4309},
    keywords = {Hardware/software partitioning, graph algorithms, graph bipartitioning, hardware/software codesign, optimization}
}

@article{Eles1997,
    title = {{System level hardware/software partitioning based on simulated annealing and tabu search}},
    year = {1997},
    journal = {Design automation for embedded {\ldots}},
    author = {Eles, Petru and Peng, Zebo and Kuchcinski, Krzysztof and Doboli, Alexa},
    pages = {5--32},
    volume = {32},
    url = {http://link.springer.com/article/10.1023/A:1008857008151 http://www.springerlink.com/index/N0M725Q46126V741.pdf},
    isbn = {0929-5585},
    doi = {10.1023/A:1008857008151},
    issn = {1572-8080},
    keywords = {co-synthesis, hardware, iterative improvement heuristics, simulated annealing, software partitioning}
}

@article{Hassine2017a,
    title = {{Power and Execution Time Optimization through Hardware Software Partitioning Algorithm for Core Based Embedded System}},
    year = {2017},
    journal = {Journal of Optimization},
    author = {Hassine, S Ben Haj and Jemai, Mehdi and Ouni, Bouraoui and Ben Haj Hassine, Siwar and Jemai, Mehdi and Ouni, Bouraoui},
    pages = {1--11},
    volume = {2017},
    publisher = {Hindawi Publishing Corporation},
    url = {https://www.hindawi.com/journals/jopti/2017/8624021/ https://www.hindawi.com/journals/jopti/2017/8624021/abs/},
    doi = {10.1155/2017/8624021},
    issn = {2356-752X}
}

@article{Zhang2010,
    title = {{A Survey of Recent Advances in Face Detection}},
    year = {2010},
    journal = {Microsoft Research},
    author = {Zhang, Cha and Zhang, Zhengyou},
    number = {June},
    pages = {17},
    url = {http://citeseerx.ist.psu.edu/viewdoc/download?doi=10.1.1.167.5270&amp;rep=rep1&amp;type=pdf},
    doi = {10.1.1.167.5270}
}

@misc{LeCun1989,
    title = {{Generalization and network design strategies}},
    year = {1989},
    booktitle = {Connectionism in perspective},
    author = {LeCun, Y},
    pages = {143--155},
    url = {http://masters.donntu.edu.ua/2012/fknt/umiarov/library/lecun.pdf%5Cnpapers3://publication/uuid/2C3E3B3C-DE43-4109-A816-7220A5C08617},
    isbn = {978-0444880611}
}

@article{Vaillant1994,
    title = {{Original approach for the localisation of objects in images}},
    year = {1994},
    journal = {IEE Proceedings - Vision, Image, and Signal Processing},
    author = {Vaillant, R.},
    number = {4},
    pages = {245},
    volume = {141},
    url = {http://digital-library.theiet.org/content/journals/10.1049/ip-vis_19941301},
    isbn = {9780874216561},
    doi = {10.1049/ip-vis:19941301},
    issn = {1350245X},
    pmid = {15991970},
    arxivId = {arXiv:1011.1669v3},
    keywords = {high resolution images, research, risks management, sustainable reconstruction}
}

@article{LeCun1990H,
    title = {{Handwritten Digit Recognition with a Back-Propagation Network}},
    year = {1990},
    journal = {Advances in Neural Information Processing Systems},
    author = {Le Cun Jackel, B. Boser, J. S. Denker, D. Henderson, R. E. Howard, W. Hubbard, L. D. and Cun, Bb Le and Denker, Js and Henderson, D.},
    pages = {396--404},
    url = {http://citeseerx.ist.psu.edu/viewdoc/summary?doi=10.1.1.32.5076%5Cnhttp://citeseerx.ist.psu.edu/viewdoc/download?doi=10.1.1.32.5076&rep=rep1&type=pdf},
    isbn = {1-55860-100-7},
    doi = {10.1111/dsu.12130},
    issn = {1524-4725},
    pmid = {23301817},
    arxivId = {1004.3732}
}

@article{Ernst1993a,
    title = {{Hardware-Software Cosynthesis for Microcontrollers}},
    year = {1993},
    journal = {IEEE Design and Test of Computers},
    author = {Ernst, Rolf and Henkel, Jorg and Benner, Thomas},
    number = {4},
    pages = {64--75},
    volume = {10},
    url = {http://ieeexplore.ieee.org/abstract/document/245964/},
    doi = {10.1109/54.245964},
    issn = {07407475}
}

@misc{RobvanderMeulen2015,
    title = {{Gartner Says 6.4 Billion Connected {\&}quot;Things{\&}quot; Will Be in Use in 2016, Up 30 Percent From 2015}},
    year = {2015},
    booktitle = {Gartner},
    author = {{Rob van der Meulen}},
    pages = {1},
    url = {http://www.gartner.com/newsroom/id/3165317}
}

@article{Denning1975,
    title = {{A study of program locality and lifetime functions}},
    year = {1975},
    journal = {ACM SIGOPS Operating Systems Review},
    author = {Denning, Peter J and Kahn, Kevin C},
    pages = {207--216},
    url = {http://dl.acm.org/citation.cfm?id=806539},
    keywords = {and phrases}
}

@article{Choi2016,
    title = {{From Software Threads to Parallel Hardware with LegUp High-Level Synthesis}},
    year = {2016},
    author = {Choi, Jongsok},
    url = {http://search.proquest.com/openview/f3708284b8a4583de0daf686f891b0ae/1?pq-origsite=gscholar&cbl=18750&diss=y},
    isbn = {9781479921980}
}

@inproceedings{Canis2013a,
    title = {{From software to accelerators with LegUp high-level synthesis}},
    year = {2013},
    booktitle = {2013 International Conference on Compilers, Architecture and Synthesis for Embedded Systems (CASES)},
    author = {Canis, Andrew and Choi, Jongsok and Fort, Blair and Lian, Ruolong and Huang, Qijing and Calagar, Nazanin and Gort, Marcel and Qin, Jia Jun and Aldham, Mark and Czajkowski, Tomasz and Brown, Stephen and Anderson, Jason},
    month = {9},
    pages = {1--9},
    publisher = {IEEE},
    url = {http://ieeexplore.ieee.org/document/6662524/},
    isbn = {978-1-4799-1400-5},
    doi = {10.1109/CASES.2013.6662524}
}

@article{Nane2016,
    title = {{A Survey and Evaluation of FPGA High-Level Synthesis Tools}},
    year = {2016},
    journal = {IEEE Transactions on Computer-Aided Design of Integrated Circuits and Systems},
    author = {Nane, Razvan and Sima, Vlad-Mihai and Pilato, Christian and Choi, Jongsok and Fort, Blair and Canis, Andrew and Chen, Yu Ting and Hsiao, Hsuan and Brown, Stephen and Ferrandi, Fabrizio and Anderson, Jason and Bertels, Koen},
    number = {10},
    month = {10},
    pages = {1591--1604},
    volume = {35},
    url = {http://ieeexplore.ieee.org/document/7368920/},
    doi = {10.1109/TCAD.2015.2513673},
    issn = {0278-0070}
}

@inproceedings{Guzel2016,
    title = {{Using high-level synthesis for rapid design of video processing pipes}},
    year = {2016},
    booktitle = {2016 IEEE East-West Design {\&} Test Symposium (EWDTS)},
    author = {Guzel, Aydin Emre and Levent, Vecdi Emre and Tosun, Mustafa and Ozkan, M. Akif and Akgun, Toygar and Buyukaydin, Duygu and Erbas, Cengiz and Ugurdag, H. Fatih},
    month = {10},
    pages = {1--4},
    publisher = {IEEE},
    url = {http://ieeexplore.ieee.org/document/7807644/},
    isbn = {978-1-5090-0693-9},
    doi = {10.1109/EWDTS.2016.7807644}
}

@inproceedings{Fleming2016,
    title = {{StitchUp: Automatic control flow protection for high level synthesis circuits}},
    year = {2016},
    booktitle = {Proceedings of the 53rd Annual Design Automation Conference on - DAC '16},
    author = {Fleming, Shane T. and Thomas, David B.},
    pages = {1--6},
    publisher = {ACM Press},
    url = {http://dl.acm.org/citation.cfm?doid=2897937.2898097},
    address = {New York, New York, USA},
    isbn = {9781450342360},
    doi = {10.1145/2897937.2898097}
}

@article{Canis2013,
    title = {{LegUp: An open-source high-level synthesis tool for FPGA-based processor/accelerator systems}},
    year = {2013},
    journal = {ACM Transactions on Embedded Computing Systems},
    author = {Canis, Andrew and Choi, Jongsok and Aldham, Mark and Zhang, Victor and Kammoona, Ahmed and Czajkowski, Tomasz and Brown, Stephen D. and Anderson, Jason H.},
    number = {2},
    month = {9},
    pages = {1--27},
    volume = {13},
    publisher = {ACM},
    url = {http://dl.acm.org/citation.cfm?doid=2514641.2514740},
    doi = {10.1145/2514740}
}

@article{Cong2009,
    title = {{FPGA-Based Hardware Acceleration of Lithographic Aerial Image Simulation}},
    year = {2009},
    journal = {ACM Transactions on Reconfigurable Technology and Systems},
    author = {Cong, Jason and Zou, Yi},
    number = {3},
    month = {9},
    pages = {1--29},
    volume = {2},
    publisher = {ACM},
    url = {http://portal.acm.org/citation.cfm?doid=1575774.1575776 http://dl.acm.org/citation.cfm?id=1575774.1575776},
    isbn = {9781595939340},
    doi = {10.1145/1575774.1575776},
    issn = {19367406},
    keywords = {FPGA, Lithography simulation, coprocessor acceleration}
}

@article{Lo2009,
    title = {{Hardware acceleration of a Monte Carlo simulation for photodynamic treatment planning}},
    year = {2009},
    journal = {Journal of Biomedical Optics},
    author = {Lo, William Chun Yip and Redmond, Keith and Luu, Jason and Chow, Paul and Rose, Jonathan and Lilge, Lothar},
    number = {1},
    pages = {014019},
    volume = {14},
    url = {http://biomedicaloptics.spiedigitallibrary.org/article.aspx?doi=10.1117/1.3080134},
    doi = {10.1117/1.3080134},
    issn = {10833668},
    pmid = {19256707}
}

@article{Putnam2014,
    title = {{A Reconfigurable Fabric for Accelerating Large-Scale Datacenter Services}},
    year = {2014},
    journal = {Isca'14},
    author = {Putnam, A and {Others}},
    pages = {13--24},
    url = {http://dl.acm.org/citation.cfm?id=2996868},
    isbn = {9781479943944},
    doi = {10.1109/ISCA.2014.6853195},
    issn = {0272-1732},
    keywords = {computer centres, field programmable gate arrays, se}
}

@inproceedings{Zhang2008a,
    title = {{Portable and scalable FPGA-based acceleration of a direct linear system solver}},
    year = {2008},
    booktitle = {Proceedings of the 2008 International Conference on Field-Programmable Technology, ICFPT 2008},
    author = {Zhang, Wei and Betz, Vaughn and Rose, Jonathan},
    number = {1},
    month = {3},
    pages = {17--24},
    volume = {5},
    publisher = {ACM},
    url = {http://dl.acm.org/citation.cfm?doid=2133352.2133358},
    isbn = {9781424427963},
    doi = {10.1109/FPT.2008.4762361},
    issn = {19367406},
    keywords = {FPGA, LU decomposition, acceleration, linear system solver, portable, scalable}
}

@misc{Maan2015,
    title = {{Intel to buy Altera for {\$}16.7 billion in its biggest deal ever | Reuters}},
    year = {2015},
    booktitle = {Routers},
    author = {Maan, Lehar and Baker, Liana},
    pages = {1},
    url = {http://www.reuters.com/article/us-altera-m-a-intel-idUSKBN0OH2E020150601}
}

@article{Barney2009,
    title = {{POSIX threads programming}},
    year = {2009},
    journal = {Laboratory. Dispon{\'{i}}vel em:< https://computing. llnl.  {\ldots}},
    author = {Barney, B},
    url = {http://delta.cs.cinvestav.mx/~fraga/Cursos/SistemasOperativos/2015/POSIXthreads.pdf}
}

@misc{openmp,
    title = {{The OpenMP API specification for parallel programming}},
    year = {2015},
    pages = {359},
    url = {http://www.openmp.org/ http://www.openmp.org/wp-content/uploads/openmp-4.5.pdf}
}

@article{Trevett2008,
    title = {{OpenCL: The open standard for heterogeneous parallel programming}},
    year = {2008},
    journal = {Group},
    author = {Trevett, Neil},
    number = {November},
    url = {https://www.khronos.org/opencl/},
    issn = {87563282}
}

@article{Plessl2003,
    title = {{The case for reconfigurable hardware in wearable computing}},
    year = {2003},
    journal = {Personal and Ubiquitous Computing},
    author = {Plessl, Christian and Enzler, Rolf and Walder, Herbert and Beutel, Jan and Platzner, Marco and Thiele, Lothar and Tr??ster, Gerhard},
    number = {5},
    month = {10},
    pages = {299--308},
    volume = {7},
    publisher = {Springer-Verlag},
    url = {http://link.springer.com/10.1007/s00779-003-0243-x},
    doi = {10.1007/s00779-003-0243-x},
    issn = {16174909},
    keywords = {Body area computing system, Embedded systems, Field-programmable gate arrays, Reconfigurable hardware, Wearable computing}
}

@inproceedings{Guthaus2001,
    title = {{MiBench: A free, commercially representative embedded benchmark suite}},
    year = {2001},
    booktitle = {2001 IEEE International Workshop on Workload Characterization, WWC 2001},
    author = {Guthaus, M. R. and Ringenberg, J. S. and Ernst, D. and Austin, T. M. and Mudge, T. and Brown, R. B.},
    pages = {3--14},
    publisher = {IEEE},
    url = {http://ieeexplore.ieee.org/document/990739/},
    isbn = {0780373154},
    doi = {10.1109/WWC.2001.990739}
}

@article{Hennessy2011,
    title = {{Computer architecture: a quantitative approach}},
    year = {2011},
    author = {Hennessy, JL and Patterson, DA},
    url = {https://books.google.com.br/books?hl=pt-BR&lr=&id=gQ-fSqbLfFoC&oi=fnd&pg=PP1&dq=quantitative+archtecture&ots=mXAuKJX3qn&sig=E7_UQzqEFm5Fum4Tpg2GdMzI1TA}
}

@article{Case1995,
    title = {{Spec2000 retires spec92}},
    year = {1995},
    journal = {The Microprocessor Report},
    author = {Case, B},
    volume = {9},
    url = {https://scholar.google.com.br/scholar?q=SPEC2000+Retires+SPEC92&btnG=&hl=pt-BR&as_sdt=0%2C5}
}

@inproceedings{VanLaerhoven2002a,
    title = {{Multi-sensor context aware clothing}},
    year = {2002},
    booktitle = {Proceedings - International Symposium on Wearable Computers, ISWC},
    author = {Van Laerhoven, Kristof and Schmidt, Albrecht and Gellersen, Hans Werner},
    pages = {49--56},
    volume = {2002-Janua},
    publisher = {IEEE},
    url = {http://ieeexplore.ieee.org/document/1167218/},
    isbn = {0769518168},
    doi = {10.1109/ISWC.2002.1167218},
    issn = {15504816}
}

@article{Barry2015,
    title = {{Fast onboard stereo vision for uavs}},
    year = {2015},
    journal = {Vision-based Control},
    author = {Barry, AJ and Oleynikova, H and Honegger, D},
    url = {http://abarry.org/Barry15a.pdf}
}

@inproceedings{Barry2015b,
    title = {{Pushbroom stereo for high-speed navigation in cluttered environments}},
    year = {2015},
    booktitle = {Proceedings - IEEE International Conference on Robotics and Automation},
    author = {Barry, Andrew J. and Tedrake, Russ},
    number = {June},
    pages = {3046--3052},
    volume = {2015-June},
    url = {http://ieeexplore.ieee.org/abstract/document/7139617/},
    isbn = {9781479969227},
    doi = {10.1109/ICRA.2015.7139617},
    issn = {10504729},
    arxivId = {1407.7091}
}

@article{Barry2015a,
    title = {{Fast Onboard Stereo Vision for UAVs}},
    year = {2015},
    journal = {IROS Workshop},
    author = {Barry, Andrew J. and Oleynikova, Helen and Honegger, Dominik and Pollefeys, Marc and Tedrake, Russ},
    pages = {7},
    url = {http://abarry.org/Barry15a.pdf http://groups.csail.mit.edu/robotics-center/public_papers/Barry15a.pdf}
}